%%%%%%%%%%%%%%%%%%%%%%%%%%%%%%%%%%%%%%%%%%%%%%%%%%%%%%%%%%%%%%%%%%%%%%%%%%%%%%%%
%%%%%%%%%%%%%%%%%%%% INSERINDO COMENTÁRIOS EM ARQUIVOS .bib %%%%%%%%%%%%%%%%%%%%
%%%%%%%%%%%%%%%%%%%%%%%%%%%%%%%%%%%%%%%%%%%%%%%%%%%%%%%%%%%%%%%%%%%%%%%%%%%%%%%%
%
% 1. Como em outros arquivos LaTeX, comentários são iniciados por "%" e,
%    portanto, é preciso usar "\%" para imprimir o caractere "%". Esquecer
%    disso pode gerar erros difíceis de encontrar!
%
% 2. Não é possível inserir comentários dentro de uma entrada, apenas fora.
%
% 3. Não é possível incluir o caractere arroba em um comentário.
%
% 4. Se quiser desabilitar temporariamente um campo ("comentar" o campo),
%    troque seu nome para algum nome inválido, como "author-disable".
%    Se quiser fazer alguma observação permanente dentro de uma entrada,
%    você também pode usar algum nome de campo inválido, como "lembrete",
%    ou usar o campo "annotation", que normalmente é ignorado.
%
% 5. Se quiser desabilitar temporariamente uma entrada inteira ("comentar" a
%    entrada), não basta colocar "%" nas linhas correspondentes por causa do
%    caractere arroba; também é preciso remover a arroba.
%
% 6. Na verdade, as regras não são bem essas, mas segui-las é uma boa ideia:
%    https://tex.stackexchange.com/a/262282


% Esta entrada está comentada, ou seja, não tem efeito: se houvesse uma
% referência a ela no texto, a referência ficaria inválida. Observe que,
% para isso, o caractere arroba foi apagado!
%Book{JW82,
% author    = {Richard A. Johnson and Dean W. Wichern},
% title     = {Applied Multivariate Statistical Analysis},
% publisher = {Prentice-Hall},
% year      = {1983}
%}

% Esta entrada não está em uso em tese.tex, apenas em
% apresentacao.tex, mas isso não é um problema: você pode
% ter um banco de dados com todos os papers que são de seu
% interesse e, em um dado texto, citar apenas alguns deles.

%DOS SINGLE AOS MULTIPLAYERS: A HISTÓRIA DOS JOGOS DIGITAIS

%Reis, L. J. de A., & Cavichiolli, F. R. (2014). Dos Single aos Multiplayers: A História dos Jogos Digitais. LICERE - Revista Do Programa De Pós-graduação Interdisciplinar Em Estudos Do Lazer, 17(2), 312–350. https://doi.org/10.35699/1981-3171.2014.858
%2014-06-30
@article{Hist_jogos_dig,
 author   = {Reis, L. J. de A. and Cavichiolli, F. R.},
 title    = {DOS SINGLE AOS MULTIPLAYERS: A HISTÓRIA DOS JOGOS DIGITAIS},
 journal  = {LICERE - Revista Do Programa De Pós-graduação Interdisciplinar Em Estudos Do Lazer},
 year     = {2014},
 volume   = {17},
 number   = {2},
 pages    = {312--350},
 publisher= {UFMG},
 month    = jun,
 doi      = {doi.org/10.35699/1981-3171.2014.858 },
}

%%[p. 1 / § 5] Ao mencionar jogos, é bom citar a empresa desenvolvedora como se fossem autores, por exemplo: Spelunky (Yu e Hull, 2008)

@Misc{Spelunky,
 author   = { Yu Derek and Hull Andy},
 title    = {Spelunky},
 year     = {2008}
}

%% Seção 2.3: citar para Spacewar, Space Invaders e Asteroids

%https://pt.wikipedia.org/wiki/Spacewar!
@Misc{Spacewar,
 author   = { Russell Steve },
 title    = {Spacewar},
 year     = {1962}
}

%https://pt.wikipedia.org/wiki/Space_Invaders
@Misc{Space_Invaders,
 author   = { Tomohiro Nishikado },
 title    = {Space Invaders},
 year     = {1978}
}

%https://pt.wikipedia.org/wiki/Asteroids
@Misc{Asteroids,
 author   = { Rains Lyle and Logg Ed},
 title    = {Asteroids},
 year     = {1979}
}

%% https://www.ironhidegames.com/Games/kingdom-rush
@Misc{kingdom_rush,
 author   = { Ironhide Game Studio },
 title    = {kingdom-rush},
 year     = {2011}
}


%https://www.kenney.nl/
@online{Kenny_sprites,
 author   = {kenney},
 title    = {kenney},
 year     = {2021},
 urldate  = {2021-12-20},
 url      = {https://www.kenney.nl/},
}

%ANGELA, D.; DANIEL, V. Design and analysis of experiments. [S.l.]: New York:Spring-Verlag, 1999.
@book{Design_exp_latin_sq,
 author   = {ANGELA, D. and  DANIEL, V.},
 title    = {Design and analysis of experiments},
 year     = {1999},
 edition  = {2},
 publisher= {Spring-Verlag}
}


@book{Magalhaes_estatistica,
 author   = {MAGALHAES, MARCOS NASCIMENTO and LIMA, ANTONIO CARLOS PEDROSO DE},
 title    = {Noções de Probabilidade e Estatística},
 year     = {2010},
 edition  = {7},
 publisher= {EDUSP}
}


%https://docs.godotengine.org/en/latest/getting_started/first_2d_game/index.html%
@online{Godot_Linietsy,
 author   = {Juan Linietsky and  Ariel Manzur},
 title    = {Your first 2D game},
 year     = {2018},
 urldate  = {2021-12-01},
 url      = {https://docs.godotengine.org/en/latest/getting_started/first_2d_game/index.htm},
}

@online{ahmed18:tutorialgapython,
 author   = {Ahmed Gad},
 title    = {Genetic Algorithm Implementation in Python},
 year     = {2018},
 urldate  = {2021-12-16},
 url      = {https://towardsdatascience.com/genetic-algorithm-implementation-in-python-5ab67bb124a6},
}

@online{godot-faq,
 author   = {Linietsky, Juan and Manzur, Ariel},
 title    = {Frequently asked questions},
 year     = {2018},
 urldate  = {2021-12-01},
 url      = {https://docs.godotengine.org/en/2.1/about/faq.html},
}



%KENT, S. L. The ultimate history of video games: from Pong to Pokemon – the story behind the craze touched our lives and changed de world. New York: Three Rivers Press, 2001. 608p. 
@book{Kent-2001,
 author   = {Kent, S. L.},
 title    = {The ultimate history of video games: from Pong to Pokemon – the story behind the craze touched our lives and changed de world},
 year     = {2001},
 edition  = 1,
 publisher= {Three Rivers Press},
}


%A.E. Eiben • J.E. Smith Introduction to Evolutionary Computing Second Edition

@book{shaker-16,
 author   = {Shaker, Noor and ogelius, Julian and Nelson, Mark J.},
 title    = {Procedural Content Generation in Games},
 year     = {2016},
 edition  = 1,
 publisher= {Springer International Publishing Switzerland},
}

@online{CareerPathsintheGameIndustry,
 author   = {Mark Baldwin},
 title    = {Career Paths in the Game Industry},
% year     = {2004},
% month    = May,
 urldate  = {2021-12-16},
 url      = {https://www.gamasutra.com/view/feature/2755/career_paths_in_the_game_industry.php?print=1}
}

@article{jansen05:offspring,
    author = {Jansen, Thomas and Jong, Kenneth A. De and Wegener, Ingo},
    title = {On the Choice of the Offspring Population Size in Evolutionary Algorithms},
    journal = {Evolutionary Computation},
    volume = {13},
    number = {4},
    pages = {413-440},
    year = {2005},
    issn = {1063-6560},
    doi = {10.1162/106365605774666921}
}

@article{tsang_2021,
 title={Innovation in the British Video Game Industry since 1978},
 author={Tsang, Denise},
 volume={95},
 DOI={10.1017/S0007680521000398},
 number={3},
 journal={Business History Review},
 publisher={Cambridge University Press},
 year={2021},
 pages={543–567}
}

@article{campbell:quadradolatino,
  author = {D. T. Campbell and J. C. Stanley},
  year = {1963},
  pages = { 1–71},
  title = {Experimental and QuasiExperimental Designs for Research},
  doi = {10.1093/obo/9780195389678-0053}
}

@article{eiben98:exploitvsexplore,
  author = {Eiben, A. and Schippers, C.},
  year = {1998},
  month = {08},
  pages = {35-50},
  title = {On Evolutionary Exploration and Exploitation},
  volume = {35},
  journal = {Fundam. Inform.},
  doi = {10.3233/FI-1998-35123403}
}

@book{eiben15:introga,
 author   = {A.E. Eiben and J.E. Smith},
 title    = {Introduction to Evolutionary Computing},
 year     = {2015},
 edition  = {2},
 publisher= {Springer}
}

@INPROCEEDINGS{zhao08:exploit,  
  author={Zhao, Gang and Luo, Wenjuan and Nie, Huiping and Li, Chen},  
  booktitle={2008 Fourth International Conference on Natural Computation},   
  title={A Genetic Algorithm Balancing Exploration and Exploitation for the Travelling Salesman Problem},  
  year={2008},  
  volume={1},  
  number={},  
  pages={505-509},  
  doi={10.1109/ICNC.2008.421}
}


@INPROCEEDINGS{haupt00:mutationprob,  
  author={Haupt, R.L.},  
  booktitle={IEEE Antennas and Propagation Society International Symposium. Transmitting Waves of Progress to the Next Millennium. 2000 Digest. Held in conjunction with: USNC/URSI National Radio Science Meeting (C}, 
  title={Optimum population size and mutation rate for a simple real genetic algorithm that optimizes array factors},
  year={2000},  
  volume={2},  
  number={},  
  pages={1034-1037 vol.2},  
  doi={10.1109/APS.2000.875398}
}

@online{GameDevelopmentCenter21:tdtutorial,
 author   = {Game Development Center},
 title    = {Make a Tower Defense Game in Godot},
 year     = {2021},
 month    = {08},
 urldate  = {01/10/2021},
 url      = {https://www.youtube.com/c/GameDevelopmentCenter/videos?view=0&sort=dd&shelf_id=0}
}


@online{mallawaarachchi:gatutorial,
 author   = {Vijini Mallawaarachchi},
 title    = {Introduction to Genetic Algorithms — Including Example Code},
 year     = {2017},
 month    = {07},
 urldate  = {2021-12-16},
 url      = {https://towardsdatascience.com/introduction-to-genetic-algorithms-including-example-code-e396e98d8bf3}
}



@online{spelunky:pcmag,
 author   = {K. Thor Jensen},
 title    = {How Spelunky Made Procedural Generation Fun},
 year     = {2020},
 month    = {09},
 urldate  = {2021-12-16},
 url    = {https://www.pcmag.com/news/how-spelunky-made-procedural-generation-fun}
}

%% FIM DAS NOSSAS REFERENCIAS


@Misc{gridftp,
 author   = {William Allcock},
 title    = {{GridFTP} Protocol Specification. {Global Grid Forum} Recommendation ({GFD}.20)},
 year     = {2003}
}



% A entrada "year" eh usada por bibtex;
% biblatex pode usar "year" ou "date"
@Manual{natbib,
 title       = "Reference sheet for \texttt{natbib} usage",
 author      = "Patrick W. Daly",
 year        = {2010},
 date        = {2010-09-13},
 urldate     = {2018-12-20},
 url         = {mirrors.ctan.org/macros/latex/contrib/natbib/natnotes.pdf},
}

@Manual{biblatex,
 title       = "The \texttt{biblatex} Package",
 author      = "Philipp Lehman and Philip Kime and Moritz Wemheuer and Audrey Boruvka and Joseph Wright",
 year        = 2018,
 date        = {2018-10-30},
 urldate     = {2018-12-20},
 url         = {mirrors.ctan.org/macros/latex/contrib/biblatex/doc/biblatex.pdf},
}


@PhdThesis{garcia01:PhD,
 author   = {Islene C. Garcia},
 title    = {Visões Progressivas de Computações Distribuídas},
 school   = {Instituto de Computação, Universidade de Campinas},
 address  = {Campinas, Brasil},
 year     = {2001},
 month    = Dec
}

@Conference{bronevetsky02,
 author     = {Greg Bronevetsky and Daniel Marques and Keshav Pingali and Paul Stodghill},
 title      = {Automated Application-Level Checkpointing of {MPI} Programs},
 booktitle  = {PPoPP'03: Proceedings of the 9th ACM SIGPLAN Symposium on Principles and Practice of Parallel Programming},
 year       = {2003},
 pages      = {84-89},
 eventdate  = {2003-06-11/2003-06-13},
 venue      = {San Diego, California}
}

@InCollection{bobaoglu93:concepts,
 author   = {Ozalp Babaoglu and Keith Marzullo},
 title    = {Consistent Global States of Distributed Systems: Fundamental Concepts and Mechanisms},
 editor   = {Sape Mullender},
 booktitle= {Distributed Systems},
 edition  = 2,
 year     = {1993},
 pages    = {55-96}
}

@MastersThesis{schmidt03:MSc,
 author   = {Rodrigo M. Schmidt},
 title    = {Coleta de Lixo para Protocolos de \emph{Checkpointing}},
 school   = {Instituto de Computação, Universidade de Campinas},
 address  = {Campinas, Brasil},
 year     = {2003},
 month    = Oct
}



@online{fowler04:designDead,
 author   = {Martin Fowler},
 title    = {Is Design Dead?},
 year     = {2004},
 month    = May,
 urldate  = {2010-01-30},
 url      = {martinfowler.com/articles/designDead.html},
}

@online{FSF:GNU-GPL,
 author      = {{Free Software Foundation}},
 shortauthor = {FSF},
 title       = {{GNU} General Public License},
 year        = 2007,
 urldate     = {2010-01-30},
 url         = {www.gnu.org/copyleft/gpl.html},
}

@article{alon09:how,
 author   = {Uri Alon},
 title    = {How To Choose a Good Scientific Problem},
 journal  = {Molecular Cell},
 year     = {2009},
 volume   = {35},
 number   = {6},
 pages    = {726--728},
 publisher= {Cell Press},
 month    = sep,
 doi      = {10.1016/j.molcel.2009.09.013},
}

@book{tufte01:visualDisplay,
 author   = {Edward Tufte},
 title    = {The Visual Display of Quantitative Information},
 year     = {2001},
 edition  = 2,
 publisher= {Graphics Press},
 month    = may,
}

@Manual{usp:guidelines,
 author      = {{Universidade de São Paulo --- Sistema Integrado de Bibliotecas}},
 shortauthor = {SIBiUSP},
 title       = {Diretrizes para Apresentação de
	        Dissertações e Teses da {USP}:
	        Documento Eletrônico e Impresso},
 year        = 2009,
 url         = {www.teses.usp.br/index.php?option=com_content&view=article&id=52&Itemid=67},
 urldate     = {2017-11-10},
}

@online{carlis:09,
 author  = {John V. Carlis},
 title   = {Design: The Key to Writing
            (and Advising) a One-Draft {Ph.D} Dissertation},
 year    = 2009,
 url     = {www-users.cs.umn.edu/~carlis/one-draft.pdf},
 urldate = {2017-11-10},
}

@book{craftresearch,
 author    = {Wayne C. Booth and Gregory G. Colomb and Joseph M. Williams},
 title     = {The Craft of Research},
 publisher = {The University of Chicago Press},
 year      = 2008,
}

@book{dissertjourney,
 author    = {Carol M. Roberts},
 title     = {The Dissertation Journey},
 publisher = {Corwin},
 year      = 2010,
 edition   = 2,
 location  = {Thousand Oaks, CA},
}

@manual{sbctemplate,
 author  = {Luciana P. Nedel and Rafael H. Bordini and Flávio Rech Wagner and Jomi F. H\"{u}bner},
 title   = {Instructions for Authors of {SBC} Conferences Papers and Abstracts},
 year    = 2017,
 url     = {www.sbc.org.br/documentos-da-sbc/category/169-templates-para-artigos-e-capitulos-de-livros},
 urldate = {2018-12-13},
}


